<record><leader>00000cas a22000007a 4500</leader><controlfield tag="001">44680902</controlfield><controlfield tag="008">000728d20002002azumr ne      0   a0eng d</controlfield><datafield ind1=" " ind2=" " tag="010"><subfield code="a">sn2001060080</subfield></datafield><datafield ind1=" " ind2=" " tag="040"><subfield code="a">AZN</subfield><subfield code="b">eng</subfield><subfield code="c">AZN</subfield><subfield code="d">ANN</subfield><subfield code="d">NSD</subfield><subfield code="d">EBZ</subfield><subfield code="d">OCLCQ</subfield><subfield code="d">OCLCF</subfield><subfield code="d">OCLCO</subfield></datafield><datafield ind1=" " ind2=" " tag="012"><subfield code="l">1</subfield></datafield><datafield ind1="0" ind2=" " tag="022"><subfield code="a">1536-3015</subfield><subfield code="l">1536-3015</subfield><subfield code="2">1</subfield></datafield><datafield ind1="1" ind2=" " tag="029"><subfield code="a">AU@</subfield><subfield code="b">000022802297</subfield></datafield><datafield ind1=" " ind2=" " tag="037"><subfield code="b">Flagstaff Tea Party, PO Box 22324, Flagstaff, AZ 86002-2324</subfield><subfield code="c">35.00</subfield></datafield><datafield ind1=" " ind2=" " tag="042"><subfield code="a">msc</subfield><subfield code="a">nsdp</subfield></datafield><datafield ind1=" " ind2=" " tag="043"><subfield code="a">n-us-az</subfield></datafield><datafield ind1="1" ind2="0" tag="082"><subfield code="a">070</subfield><subfield code="2">13</subfield></datafield><datafield ind1="0" ind2=" " tag="210"><subfield code="a">Flagstaff tea party</subfield></datafield><datafield ind1=" " ind2="0" tag="222"><subfield code="a">Flagstaff tea party</subfield></datafield><datafield ind1="0" ind2="0" tag="245"><subfield code="a">Flagstaff tea party.</subfield></datafield><datafield ind1=" " ind2=" " tag="260"><subfield code="a">Flagstaff, Ariz. :</subfield><subfield code="b">L. Rayner,</subfield><subfield code="c">2000-</subfield></datafield><datafield ind1=" " ind2=" " tag="300"><subfield code="a">v. ;</subfield><subfield code="c">35 cm.</subfield></datafield><datafield ind1=" " ind2=" " tag="310"><subfield code="a">Monthly</subfield></datafield><datafield ind1="0" ind2=" " tag="362"><subfield code="a">Vol. 1, no. 1 (Aug. 2000)-</subfield></datafield><datafield ind1="1" ind2=" " tag="362"><subfield code="a">Ceased with Aug. 2002.</subfield></datafield><datafield ind1=" " ind2=" " tag="500"><subfield code="a">"A community forum for the discussion of progressive ideas."</subfield></datafield><datafield ind1=" " ind2=" " tag="588"><subfield code="a">Latest issue consulted: Vol. 2, no. 6 (June 2001).</subfield></datafield><datafield ind1=" " ind2="0" tag="651"><subfield code="a">Flagstaff (Ariz.)</subfield><subfield code="v">Newspapers.</subfield></datafield><datafield ind1=" " ind2="0" tag="651"><subfield code="a">Coconino County (Ariz.)</subfield><subfield code="v">Newspapers.</subfield></datafield><datafield ind1=" " ind2="7" tag="655"><subfield code="a">Newspapers.</subfield><subfield code="2">fast</subfield><subfield code="0">(OCoLC)fst01423814</subfield></datafield><datafield ind1=" " ind2="7" tag="651"><subfield code="a">Arizona</subfield><subfield code="z">Coconino County.</subfield><subfield code="2">fast</subfield><subfield code="0">(OCoLC)fst01217112</subfield></datafield><datafield ind1=" " ind2="7" tag="651"><subfield code="a">Arizona</subfield><subfield code="z">Flagstaff.</subfield><subfield code="2">fast</subfield><subfield code="0">(OCoLC)fst01205910</subfield></datafield><datafield ind1="1" ind2=" " tag="700"><subfield code="a">Rayner, Lisa.</subfield></datafield><datafield ind1=" " ind2=" " tag="752"><subfield code="a">United States</subfield><subfield code="b">Arizona</subfield><subfield code="c">Coconino County</subfield><subfield code="d">Flagstaff.</subfield></datafield><datafield ind1="4" ind2="1" tag="856"><subfield code="u">http://www.flagstaffcentral.com/teaparty</subfield></datafield></record>